{
  "leader": "03206cam a2200553 a 4500",
  "fields": [
    {
      "001": "ocm24219378\\"
    },
    {
      "003": "OCoLC"
    },
    {
      "005": "20220630122928.0"
    },
    {
      "008": "910719s1992\\\\\\\\nyu\\\\\\\\\\\\b\\\\\\\\001\\0\\eng\\\\"
    },
    {
      "010": {
        "ind1": "\\",
        "ind2": "\\",
        "subfields": [
          {
            "a": "   91027828 "
          }
        ]
      }
    },
    {
      "040": {
        "ind1": "\\",
        "ind2": "\\",
        "subfields": [
          {
            "a": "DLC"
          },
          {
            "b": "eng"
          },
          {
            "c": "DLC"
          },
          {
            "d": "NLGGC"
          },
          {
            "d": "BTCTA"
          },
          {
            "d": "YDXCP"
          },
          {
            "d": "BAKER"
          },
          {
            "d": "UKV3G"
          },
          {
            "d": "ZWZ"
          },
          {
            "d": "GEBAY"
          },
          {
            "d": "BDX"
          },
          {
            "d": "OCLCF"
          },
          {
            "d": "DEBBG"
          },
          {
            "d": "EUW"
          },
          {
            "d": "OCLCO"
          },
          {
            "d": "OCLCQ"
          },
          {
            "d": "OCLCO"
          },
          {
            "d": "OCLCA"
          },
          {
            "d": "CSJ"
          },
          {
            "d": "OCLCO"
          },
          {
            "d": "APUMS"
          },
          {
            "d": "TFW"
          },
          {
            "d": "OCLCO"
          },
          {
            "d": "OCLCQ"
          },
          {
            "d": "OCLCO"
          },
          {
            "d": "MRM"
          },
          {
            "d": "IOG"
          },
          {
            "d": "OCLCA"
          },
          {
            "d": "OCLCQ"
          },
          {
            "d": "OCLCA"
          },
          {
            "d": "J9U"
          },
          {
            "d": "OCLCO"
          }
        ]
      }
    },
    {
      "019": {
        "ind1": "\\",
        "ind2": "\\",
        "subfields": [
          {
            "a": "59931407"
          },
          {
            "a": "1022738129"
          },
          {
            "a": "1027847362"
          },
          {
            "a": "1170865929"
          }
        ]
      }
    },
    {
      "020": {
        "ind1": "\\",
        "ind2": "\\",
        "subfields": [
          {
            "a": "0387976779"
          },
          {
            "q": "(alk. paper ;"
          },
          {
            "q": "New York)"
          }
        ]
      }
    },
    {
      "020": {
        "ind1": "\\",
        "ind2": "\\",
        "subfields": [
          {
            "a": "9780387976778"
          },
          {
            "q": "(alk. paper ;"
          },
          {
            "q": "New York)"
          }
        ]
      }
    },
    {
      "020": {
        "ind1": "\\",
        "ind2": "\\",
        "subfields": [
          {
            "a": "3540976779"
          },
          {
            "q": "(alk. paper ;"
          },
          {
            "q": "Berlin)"
          }
        ]
      }
    },
    {
      "020": {
        "ind1": "\\",
        "ind2": "\\",
        "subfields": [
          {
            "a": "9783540976776"
          },
          {
            "q": "(alk. paper ;"
          },
          {
            "q": "Berlin)"
          }
        ]
      }
    },
    {
      "020": {
        "ind1": "\\",
        "ind2": "\\",
        "subfields": [
          {
            "a": "0387985743"
          }
        ]
      }
    },
    {
      "020": {
        "ind1": "\\",
        "ind2": "\\",
        "subfields": [
          {
            "a": "9780387985749"
          }
        ]
      }
    },
    {
      "035": {
        "ind1": "\\",
        "ind2": "\\",
        "subfields": [
          {
            "a": "(OCoLC)24219378"
          },
          {
            "z": "(OCoLC)59931407"
          },
          {
            "z": "(OCoLC)1022738129"
          },
          {
            "z": "(OCoLC)1027847362"
          },
          {
            "z": "(OCoLC)1170865929"
          }
        ]
      }
    },
    {
      "050": {
        "ind1": "0",
        "ind2": "0",
        "subfields": [
          {
            "a": "Q162"
          },
          {
            "b": ".S454 1992"
          }
        ]
      }
    },
    {
      "082": {
        "ind1": "0",
        "ind2": "0",
        "subfields": [
          {
            "a": "500"
          },
          {
            "b": "SEI"
          }
        ]
      }
    },
    {
      "096": {
        "ind1": "\\",
        "ind2": "\\",
        "subfields": [
          {
            "a": "Q 162 S447 1992"
          }
        ]
      }
    },
    {
      "100": {
        "ind1": "1",
        "ind2": "\\",
        "subfields": [
          {
            "a": "Seitz, Frederick,"
          },
          {
            "d": "1911-2008."
          }
        ]
      }
    },
    {
      "245": {
        "ind1": "1",
        "ind2": "4",
        "subfields": [
          {
            "a": "The science matrix :"
          },
          {
            "b": "the journey, travails, triumphs /"
          },
          {
            "c": "Frederick Seitz."
          }
        ]
      }
    },
    {
      "260": {
        "ind1": "\\",
        "ind2": "\\",
        "subfields": [
          {
            "a": "New York :"
          },
          {
            "b": "Springer-Verlag,"
          },
          {
            "c": "\u00a91992."
          }
        ]
      }
    },
    {
      "300": {
        "ind1": "\\",
        "ind2": "\\",
        "subfields": [
          {
            "a": "xiii, 146 pages ;"
          },
          {
            "c": "24 cm"
          }
        ]
      }
    },
    {
      "336": {
        "ind1": "\\",
        "ind2": "\\",
        "subfields": [
          {
            "a": "text"
          },
          {
            "b": "txt"
          },
          {
            "2": "rdacontent"
          }
        ]
      }
    },
    {
      "337": {
        "ind1": "\\",
        "ind2": "\\",
        "subfields": [
          {
            "a": "unmediated"
          },
          {
            "b": "n"
          },
          {
            "2": "rdamedia"
          }
        ]
      }
    },
    {
      "338": {
        "ind1": "\\",
        "ind2": "\\",
        "subfields": [
          {
            "a": "volume"
          },
          {
            "b": "nc"
          },
          {
            "2": "rdacarrier"
          }
        ]
      }
    },
    {
      "504": {
        "ind1": "\\",
        "ind2": "\\",
        "subfields": [
          {
            "a": "Includes bibliographical references (pages 39-41) and indexes."
          }
        ]
      }
    },
    {
      "505": {
        "ind1": "0",
        "ind2": "\\",
        "subfields": [
          {
            "t": "Preface --"
          },
          {
            "g": "1"
          },
          {
            "t": "The Brain Matrix: Our Window on the World"
          },
          {
            "g": "(starting p. 1) --"
          },
          {
            "g": "2"
          },
          {
            "t": "Technology Without Modern Science"
          },
          {
            "g": "(starting p. 7) --"
          },
          {
            "g": "3"
          },
          {
            "t": "Crucial Steps in the Evolution of Science"
          },
          {
            "g": "(starting p. 17) --"
          },
          {
            "g": "4"
          },
          {
            "t": "The Divine Fire Crosses the Atlantic Ocean"
          },
          {
            "g": "(starting p. 43) --"
          },
          {
            "g": "5"
          },
          {
            "t": "Basic Science in the Asian Countries"
          },
          {
            "g": "(starting p. 67) --"
          },
          {
            "g": "6"
          },
          {
            "t": "The Future of Science"
          },
          {
            "g": "(starting p. 71) --"
          },
          {
            "g": "7"
          },
          {
            "t": "The Next Million Years -- A Half Century Later"
          },
          {
            "g": "(starting p. 83) --"
          },
          {
            "g": "8"
          },
          {
            "t": "A Physicist's View of Living Systems"
          },
          {
            "g": "(starting p. 97) --"
          },
          {
            "g": "9"
          },
          {
            "t": "Nuclear Science: Promises and Perceptions"
          },
          {
            "g": "(starting p. 109) --"
          },
          {
            "g": "10"
          },
          {
            "t": "Science, Technology and the Environment"
          },
          {
            "g": "(starting p. 119) --"
          },
          {
            "g": "11"
          },
          {
            "t": "Fraud, Piracy and Priority in Science"
          },
          {
            "g": "(starting p. 127) --"
          },
          {
            "g": "12"
          },
          {
            "t": "Big Science -- Small Science"
          },
          {
            "g": "(starting p. 133) --"
          },
          {
            "t": "Name Index"
          },
          {
            "g": "(starting p. 139) --"
          },
          {
            "t": "Subject Index"
          },
          {
            "g": "(starting p. 143)"
          }
        ]
      }
    },
    {
      "650": {
        "ind1": "\\",
        "ind2": "0",
        "subfields": [
          {
            "a": "Science"
          },
          {
            "v": "Popular works."
          }
        ]
      }
    },
    {
      "650": {
        "ind1": "\\",
        "ind2": "0",
        "subfields": [
          {
            "a": "Technology"
          },
          {
            "v": "Popular works."
          }
        ]
      }
    },
    {
      "650": {
        "ind1": "\\",
        "ind2": "0",
        "subfields": [
          {
            "a": "Science"
          },
          {
            "x": "History"
          },
          {
            "v": "Popular works."
          }
        ]
      }
    },
    {
      "650": {
        "ind1": "\\",
        "ind2": "0",
        "subfields": [
          {
            "a": "Technology"
          },
          {
            "x": "History"
          },
          {
            "v": "Popular works."
          }
        ]
      }
    },
    {
      "650": {
        "ind1": "\\",
        "ind2": "2",
        "subfields": [
          {
            "a": "Science"
          },
          {
            "x": "popular works."
          }
        ]
      }
    },
    {
      "650": {
        "ind1": "\\",
        "ind2": "2",
        "subfields": [
          {
            "a": "Technology"
          },
          {
            "x": "popular works."
          }
        ]
      }
    },
    {
      "650": {
        "ind1": "\\",
        "ind2": "2",
        "subfields": [
          {
            "a": "Science"
          },
          {
            "x": "history"
          },
          {
            "x": "popular works."
          }
        ]
      }
    },
    {
      "650": {
        "ind1": "\\",
        "ind2": "2",
        "subfields": [
          {
            "a": "Technology"
          },
          {
            "x": "history"
          },
          {
            "x": "popular works."
          }
        ]
      }
    },
    {
      "650": {
        "ind1": "\\",
        "ind2": "7",
        "subfields": [
          {
            "a": "Science."
          },
          {
            "2": "fast"
          },
          {
            "0": "(OCoLC)fst01108176"
          }
        ]
      }
    },
    {
      "650": {
        "ind1": "\\",
        "ind2": "7",
        "subfields": [
          {
            "a": "Technology."
          },
          {
            "2": "fast"
          },
          {
            "0": "(OCoLC)fst01145078"
          }
        ]
      }
    },
    {
      "655": {
        "ind1": "\\",
        "ind2": "0",
        "subfields": [
          {
            "a": "Popular works."
          }
        ]
      }
    },
    {
      "655": {
        "ind1": "\\",
        "ind2": "7",
        "subfields": [
          {
            "a": "History."
          },
          {
            "2": "fast"
          },
          {
            "0": "(OCoLC)fst01411628"
          }
        ]
      }
    },
    {
      "655": {
        "ind1": "\\",
        "ind2": "7",
        "subfields": [
          {
            "a": "Popular works."
          },
          {
            "2": "fast"
          },
          {
            "0": "(OCoLC)fst01423846"
          }
        ]
      }
    },
    {
      "776": {
        "ind1": "0",
        "ind2": "8",
        "subfields": [
          {
            "i": "Online version:"
          },
          {
            "a": "Seitz, Frederick, 1911-2008."
          },
          {
            "t": "Science matrix."
          },
          {
            "d": "New York : Springer-Verlag, \u00a91992"
          },
          {
            "w": "(OCoLC)555569390"
          }
        ]
      }
    },
    {
      "856": {
        "ind1": "4",
        "ind2": "1",
        "subfields": [
          {
            "3": "Table of contents"
          },
          {
            "u": "http://content.ub.hu-berlin.de/monographs/toc/hochschulwesen/BV004727193.pdf"
          },
          {
            "x": "Digitalisierung"
          },
          {
            "z": "kostenfrei"
          }
        ]
      }
    },
    {
      "994": {
        "ind1": "\\",
        "ind2": "\\",
        "subfields": [
          {
            "a": "Z0"
          },
          {
            "b": "NYRVC"
          }
        ]
      }
    },
    {
      "948": {
        "ind1": "\\",
        "ind2": "\\",
        "subfields": [
          {
            "h": "NO HOLDINGS IN NYRVC - 298 OTHER HOLDINGS"
          }
        ]
      }
    },
    {
      "999": {
        "ind1": "\\",
        "ind2": "\\",
        "subfields": [
          {
            "a": "00000000019410"
          }
        ]
      }
    }
  ]
}